@URL{Mikex,
  title={Miktex},
  address ={http://www.miktex.org},
}

@URL{WinEdt,
  title={WinEdt},
  address ={http://www.winedt.com/},
}

@URL{Texnicenter,
  title={TeXnicenter},
  address ={http://www.toolscenter.org/?idcat=50},
}

@URL{Mayura,
  title={Mayura},
  address ={http://www.mayura.com/},
}

@URL{OpenOffice,
  title={OpenOffice},
  address ={http://www.openoffice.org/},
}

@URL{gimp,
  title={Gimp},
  address ={http://www.gimp-fr.org/},
}

@URL{listings,
  title={Package listings},
  address ={ftp://tug.ctan.org/pub/tex-archive/macros/latex/contrib/listings/listings.pdf},
}

@article{greenwade93,
    author  = "George D. Greenwade",
    title   = "The {C}omprehensive {T}ex {A}rchive {N}etwork ({CTAN})",
    year    = "1993",
    journal = "TUGBoat",
    volume  = "14",
    number  = "3",
    pages   = "342--351"
}

@book{goossens93,
    author    = "Michel Goossens and Frank Mittelbach and Alexander Samarin",
    title     = "The LaTeX Companion",
    year      = "1993",
    publisher = "Addison-Wesley",
    address   = "Reading, Massachusetts"
}